<record><leader>00000cas a22000007a 4500</leader><controlfield tag="001">15690365</controlfield><controlfield tag="008">870515u195uuuuupauuu ne      0    0eng d</controlfield><datafield ind1=" " ind2=" " tag="010"><subfield code="a">sn 87080240 </subfield></datafield><datafield ind1=" " ind2=" " tag="040"><subfield code="a">NPH</subfield><subfield code="b">eng</subfield><subfield code="c">NPH</subfield><subfield code="d">OCLCQ</subfield></datafield><datafield ind1=" " ind2=" " tag="042"><subfield code="a">msc</subfield></datafield><datafield ind1="0" ind2="0" tag="245"><subfield code="a">Kiski Valley progress.</subfield></datafield><datafield ind1="1" ind2="3" tag="246"><subfield code="a">Valley daily news Kiski Valley progress</subfield></datafield><datafield ind1=" " ind2=" " tag="260"><subfield code="a">Apollo, Pa. :</subfield><subfield code="b">[Valley Daily News]</subfield></datafield><datafield ind1=" " ind2=" " tag="300"><subfield code="a">v. :</subfield><subfield code="b">ill.</subfield></datafield><datafield ind1=" " ind2=" " tag="500"><subfield code="a">At head of title: The Valley daily news.</subfield></datafield><datafield ind1=" " ind2=" " tag="500"><subfield code="a">On masthead: "Apollo, Leechburg, Vandergrift, Pa."</subfield></datafield><datafield ind1=" " ind2=" " tag="500"><subfield code="a">"For all the Kiski Valley."</subfield></datafield><datafield ind1=" " ind2=" " tag="588"><subfield code="a">Description based on: Vol. 1, no. 28 (Mar. 27, 1957).</subfield></datafield><datafield ind1="0" ind2=" " tag="730"><subfield code="a">Valley daily news (Tarentum, Pa.)</subfield></datafield><datafield ind1=" " ind2=" " tag="752"><subfield code="a">United States</subfield><subfield code="b">Pennsylvania</subfield><subfield code="c">Armstrong</subfield><subfield code="d">Apollo.</subfield></datafield><datafield ind1=" " ind2=" " tag="752"><subfield code="a">United States</subfield><subfield code="b">Pennsylvania</subfield><subfield code="c">Armstrong</subfield><subfield code="d">Leechburg.</subfield></datafield><datafield ind1=" " ind2=" " tag="752"><subfield code="a">United States</subfield><subfield code="b">Pennsylvania</subfield><subfield code="c">Westmoreland</subfield><subfield code="d">Vandergrift.</subfield></datafield><datafield ind1="1" ind2=" " tag="029"><subfield code="a">AU@</subfield><subfield code="b">000025812162</subfield></datafield></record>